Automatically generated by Mendeley 1.9.2
Any changes to this file will be lost if it is regenerated by Mendeley.

@article{Cantone2009,
author = {Cantone, Irene and Marucci, Lucia and Iorio, Francesco and Ricci, Maria Aurelia and Belcastro, Vincenzo and Bansal, Mukesh and Santini, Stefania and Bernardo, Mario and Bernardo, Diego and Cosma, Maria Pia},
pages = {1--34},
title = {{Supplemental Data A Yeast Synthetic Network for In Vivo Assessment of Reverse-Engineering and Modeling Approaches}},
journal = {Cell},
volume = {137},
year = {{2009}}
}

@article{Spencer2012,
author = {Spencer, Simon E F and Hill, Steven M and Mukherjee, Sach},
number = {12},
pages = {1--17},
title = {{Dynamic Bayesian networks for interventional data}},
year = {2012}
}

@article{Xu2010,
author = {Xu, Tian-Rui and Vyshemirsky, Vladislav and Gormand, Am\'{e}lie and von Kriegsheim, Alex and Girolami, Mark and Baillie, George S and Ketley, Dominic and Dunlop, Allan J and Milligan, Graeme and Houslay, Miles D and Kolch, Walter},
doi = {10.1126/scisignal.2000517},
issn = {1937-9145},
journal = {Science signaling},
month = jan,
number = {113},
pages = {ra20},
pmid = {20234003},
title = {{Inferring signaling pathway topologies from multiple perturbation measurements of specific biochemical species.}},
url = {http://www.ncbi.nlm.nih.gov/pubmed/20234003},
volume = {3},
year = {2010}
}

@article{Oates2012,
doi = {10.1093/bioinformatics/bts459},
issn = {1367-4811},
journal = {Bioinformatics (Oxford, England)},
month = sep,
number = {18},
pages = {2342--8},
title = {{Network inference using steady-state data and Goldbeter-Koshland kinetics. [corrected].}},
url = {http://www.ncbi.nlm.nih.gov/pubmed/22815361},
volume = {28},
year = {2012}
}

@article{Hill2012,
author = {Hill, S M and Lu, Y and Molina, J and Heiser, L M and Spellman, P T and Speed, T P and Gray, J W and Mills, G B and Mukherjee, S.},
title = {{Bayesian Inference of Signaling Network Topology in a Cancer Cell Line}},
journal = {Bioinformatics},
year = {2012},
volume = {28},
number = {21},
pages = {2804--2810},
month = oct
}

@book{Hastie2004,
author = {Hastie, T. and Tibshirani, R. and Friedman, J.},
booktitle = {BeiJing: Publishing House of Electronics Industry},
number = {8},
pages = {371--406},
title = {{The Elements of Statistical Learning: Data Mining, Inference, and Prediction}},
volume = {1},
year = {2004}
}
